@misc{wiki::edit,
    author      = {Wikipedia},
    title       = {Edit distance --- {W}ikipedia{,} The Free Encyclopedia},
    year        = {2021},
    url         = {https://en.wikipedia.org/wiki/Edit_distance},
    notes       = {Zaczerpnięto informacji 21 listopada 2021}
}

@misc{wiki::levenshteinen,
    author      = {Wikipedia},
    title       = {Levenshtein distance --- {W}ikipedia{,} The Free Encyclopedia},
    year        = {2021},
    url         = {https://en.wikipedia.org/wiki/Levenshtein_distance},
    notes       = {Zaczerpnięto informacji 22 listopada 2021}
}

@misc{jlordiales::edit,
    author      = {Jose Luis Ordiales Coscia},
    title       = {Easy to understand Dynamic Programming – Edit distance},
    year        = {2014},
    url         = {https://jlordiales.wordpress.com/2014/03/01/dynamic-programming-edit-distance/},
    notes       = {Zaczerpnięto informacji 22 listopada 2021}
}

@misc{wiki::levenshteinpl,
    author      = {Wikipedia},
    title       = {Odległość Levenshteina --- {W}ikipedia{,} Wolna Encyklopedia},
    year        = {2021},
    url         = {https://pl.wikipedia.org/wiki/Odległość_Levenshteina},
    notes       = {Zaczerpnięto informacji 21 listopada 2021}
}

@misc{wiki::metricpl,
    author      = {Wikipedia},
    title       = {Przestrzeń metryczna --- {W}ikipedia{,} Wolna Encyklopedia},
    year        = {2021},
    url         = {https://pl.wikipedia.org/wiki/Przestrzeń_metryczna},
    notes       = {Zaczerpnięto informacji 22 listopada 2021}
}